%YAML 1.1
%TAG !u! tag:unity3d.com,2011:
--- !u!1 &6677855698938798627
GameObject:
  m_ObjectHideFlags: 0
  m_CorrespondingSourceObject: {fileID: 0}
  m_PrefabInstance: {fileID: 0}
  m_PrefabAsset: {fileID: 0}
  serializedVersion: 6
  m_Component:
  - component: {fileID: 6677855698938798624}
  - component: {fileID: 6677855698938798625}
  m_Layer: 0
  m_Name: Shield
  m_TagString: Untagged
  m_Icon: {fileID: 0}
  m_NavMeshLayer: 0
  m_StaticEditorFlags: 0
  m_IsActive: 1
--- !u!4 &6677855698938798624
Transform:
  m_ObjectHideFlags: 0
  m_CorrespondingSourceObject: {fileID: 0}
  m_PrefabInstance: {fileID: 0}
  m_PrefabAsset: {fileID: 0}
  m_GameObject: {fileID: 6677855698938798627}
  m_LocalRotation: {x: 0.25277862, y: -0.9675242, z: -0, w: 0}
  m_LocalPosition: {x: 0.11003866, y: 0.00209184, z: 0}
  m_LocalScale: {x: 0.8000002, y: 0.8000001, z: 1}
  m_Children: []
  m_Father: {fileID: 6677855699139740434}
  m_RootOrder: 0
  m_LocalEulerAnglesHint: {x: 0, y: 0, z: 0}
--- !u!212 &6677855698938798625
SpriteRenderer:
  m_ObjectHideFlags: 0
  m_CorrespondingSourceObject: {fileID: 0}
  m_PrefabInstance: {fileID: 0}
  m_PrefabAsset: {fileID: 0}
  m_GameObject: {fileID: 6677855698938798627}
  m_Enabled: 1
  m_CastShadows: 0
  m_ReceiveShadows: 0
  m_DynamicOccludee: 1
  m_MotionVectors: 1
  m_LightProbeUsage: 1
  m_ReflectionProbeUsage: 1
  m_RenderingLayerMask: 1
  m_RendererPriority: 0
  m_Materials:
  - {fileID: 10754, guid: 0000000000000000f000000000000000, type: 0}
  m_StaticBatchInfo:
    firstSubMesh: 0
    subMeshCount: 0
  m_StaticBatchRoot: {fileID: 0}
  m_ProbeAnchor: {fileID: 0}
  m_LightProbeVolumeOverride: {fileID: 0}
  m_ScaleInLightmap: 1
  m_PreserveUVs: 0
  m_IgnoreNormalsForChartDetection: 0
  m_ImportantGI: 0
  m_StitchLightmapSeams: 0
  m_SelectedEditorRenderState: 0
  m_MinimumChartSize: 4
  m_AutoUVMaxDistance: 0.5
  m_AutoUVMaxAngle: 89
  m_LightmapParameters: {fileID: 0}
  m_SortingLayerID: 0
  m_SortingLayer: 0
  m_SortingOrder: 6
  m_Sprite: {fileID: 21300016, guid: bc2198e2320f7eb4dabaaf5b3921931d, type: 3}
  m_Color: {r: 1, g: 1, b: 1, a: 1}
  m_FlipX: 0
  m_FlipY: 0
  m_DrawMode: 0
  m_Size: {x: 1.32, y: 1.55}
  m_AdaptiveModeThreshold: 0.5
  m_SpriteTileMode: 0
  m_WasSpriteAssigned: 1
  m_MaskInteraction: 0
  m_SpriteSortPoint: 0
--- !u!1 &6677855698942403029
GameObject:
  m_ObjectHideFlags: 0
  m_CorrespondingSourceObject: {fileID: 0}
  m_PrefabInstance: {fileID: 0}
  m_PrefabAsset: {fileID: 0}
  serializedVersion: 6
  m_Component:
  - component: {fileID: 6677855698942403026}
  - component: {fileID: 6677855698942403027}
  m_Layer: 0
  m_Name: LArm
  m_TagString: Untagged
  m_Icon: {fileID: 0}
  m_NavMeshLayer: 0
  m_StaticEditorFlags: 0
  m_IsActive: 1
--- !u!4 &6677855698942403026
Transform:
  m_ObjectHideFlags: 0
  m_CorrespondingSourceObject: {fileID: 0}
  m_PrefabInstance: {fileID: 0}
  m_PrefabAsset: {fileID: 0}
  m_GameObject: {fileID: 6677855698942403029}
  m_LocalRotation: {x: -0, y: -0, z: -0.25277594, w: 0.9675249}
  m_LocalPosition: {x: 0.3909998, y: 0.045999914, z: 0}
  m_LocalScale: {x: 1, y: 1, z: 1}
  m_Children:
  - {fileID: 6677855698997674807}
  m_Father: {fileID: 7201983626668577194}
  m_RootOrder: 1
  m_LocalEulerAnglesHint: {x: 0, y: 0, z: -29.284002}
--- !u!212 &6677855698942403027
SpriteRenderer:
  m_ObjectHideFlags: 0
  m_CorrespondingSourceObject: {fileID: 0}
  m_PrefabInstance: {fileID: 0}
  m_PrefabAsset: {fileID: 0}
  m_GameObject: {fileID: 6677855698942403029}
  m_Enabled: 1
  m_CastShadows: 0
  m_ReceiveShadows: 0
  m_DynamicOccludee: 1
  m_MotionVectors: 1
  m_LightProbeUsage: 1
  m_ReflectionProbeUsage: 1
  m_RenderingLayerMask: 1
  m_RendererPriority: 0
  m_Materials:
  - {fileID: 10754, guid: 0000000000000000f000000000000000, type: 0}
  m_StaticBatchInfo:
    firstSubMesh: 0
    subMeshCount: 0
  m_StaticBatchRoot: {fileID: 0}
  m_ProbeAnchor: {fileID: 0}
  m_LightProbeVolumeOverride: {fileID: 0}
  m_ScaleInLightmap: 1
  m_PreserveUVs: 0
  m_IgnoreNormalsForChartDetection: 0
  m_ImportantGI: 0
  m_StitchLightmapSeams: 0
  m_SelectedEditorRenderState: 0
  m_MinimumChartSize: 4
  m_AutoUVMaxDistance: 0.5
  m_AutoUVMaxAngle: 89
  m_LightmapParameters: {fileID: 0}
  m_SortingLayerID: 0
  m_SortingLayer: 0
  m_SortingOrder: 2
  m_Sprite: {fileID: 21300010, guid: dfa122a0c40dc1a4282bfe6685354b88, type: 3}
  m_Color: {r: 1, g: 1, b: 1, a: 1}
  m_FlipX: 0
  m_FlipY: 0
  m_DrawMode: 0
  m_Size: {x: 0.49, y: 0.27}
  m_AdaptiveModeThreshold: 0.5
  m_SpriteTileMode: 0
  m_WasSpriteAssigned: 1
  m_MaskInteraction: 0
  m_SpriteSortPoint: 0
--- !u!1 &6677855698997674806
GameObject:
  m_ObjectHideFlags: 0
  m_CorrespondingSourceObject: {fileID: 0}
  m_PrefabInstance: {fileID: 0}
  m_PrefabAsset: {fileID: 0}
  serializedVersion: 6
  m_Component:
  - component: {fileID: 6677855698997674807}
  - component: {fileID: 6677855698997674804}
  m_Layer: 0
  m_Name: sword
  m_TagString: Untagged
  m_Icon: {fileID: 0}
  m_NavMeshLayer: 0
  m_StaticEditorFlags: 0
  m_IsActive: 1
--- !u!4 &6677855698997674807
Transform:
  m_ObjectHideFlags: 0
  m_CorrespondingSourceObject: {fileID: 0}
  m_PrefabInstance: {fileID: 0}
  m_PrefabAsset: {fileID: 0}
  m_GameObject: {fileID: 6677855698997674806}
  m_LocalRotation: {x: -0, y: -0, z: -0.2220676, w: 0.97503126}
  m_LocalPosition: {x: 0.3991794, y: 0.4187675, z: 0}
  m_LocalScale: {x: 0.7999999, y: 0.7999999, z: 1}
  m_Children: []
  m_Father: {fileID: 6677855698942403026}
  m_RootOrder: 0
  m_LocalEulerAnglesHint: {x: 0, y: 0, z: -54.945004}
--- !u!212 &6677855698997674804
SpriteRenderer:
  m_ObjectHideFlags: 0
  m_CorrespondingSourceObject: {fileID: 0}
  m_PrefabInstance: {fileID: 0}
  m_PrefabAsset: {fileID: 0}
  m_GameObject: {fileID: 6677855698997674806}
  m_Enabled: 1
  m_CastShadows: 0
  m_ReceiveShadows: 0
  m_DynamicOccludee: 1
  m_MotionVectors: 1
  m_LightProbeUsage: 1
  m_ReflectionProbeUsage: 1
  m_RenderingLayerMask: 1
  m_RendererPriority: 0
  m_Materials:
  - {fileID: 10754, guid: 0000000000000000f000000000000000, type: 0}
  m_StaticBatchInfo:
    firstSubMesh: 0
    subMeshCount: 0
  m_StaticBatchRoot: {fileID: 0}
  m_ProbeAnchor: {fileID: 0}
  m_LightProbeVolumeOverride: {fileID: 0}
  m_ScaleInLightmap: 1
  m_PreserveUVs: 0
  m_IgnoreNormalsForChartDetection: 0
  m_ImportantGI: 0
  m_StitchLightmapSeams: 0
  m_SelectedEditorRenderState: 0
  m_MinimumChartSize: 4
  m_AutoUVMaxDistance: 0.5
  m_AutoUVMaxAngle: 89
  m_LightmapParameters: {fileID: 0}
  m_SortingLayerID: 0
  m_SortingLayer: 0
  m_SortingOrder: 0
  m_Sprite: {fileID: 21300010, guid: bc2198e2320f7eb4dabaaf5b3921931d, type: 3}
  m_Color: {r: 1, g: 1, b: 1, a: 1}
  m_FlipX: 0
  m_FlipY: 0
  m_DrawMode: 0
  m_Size: {x: 0.65, y: 1.55}
  m_AdaptiveModeThreshold: 0.5
  m_SpriteTileMode: 0
  m_WasSpriteAssigned: 1
  m_MaskInteraction: 0
  m_SpriteSortPoint: 0
--- !u!1 &6677855699139740437
GameObject:
  m_ObjectHideFlags: 0
  m_CorrespondingSourceObject: {fileID: 0}
  m_PrefabInstance: {fileID: 0}
  m_PrefabAsset: {fileID: 0}
  serializedVersion: 6
  m_Component:
  - component: {fileID: 6677855699139740434}
  - component: {fileID: 6677855699139740435}
  m_Layer: 0
  m_Name: RArm
  m_TagString: Untagged
  m_Icon: {fileID: 0}
  m_NavMeshLayer: 0
  m_StaticEditorFlags: 0
  m_IsActive: 1
--- !u!4 &6677855699139740434
Transform:
  m_ObjectHideFlags: 0
  m_CorrespondingSourceObject: {fileID: 0}
  m_PrefabInstance: {fileID: 0}
  m_PrefabAsset: {fileID: 0}
  m_GameObject: {fileID: 6677855699139740437}
  m_LocalRotation: {x: -0.25277862, y: 0.9675242, z: -0, w: 0}
  m_LocalPosition: {x: -0.38299942, y: 0.045999914, z: 0}
  m_LocalScale: {x: 1, y: 1, z: 1}
  m_Children:
  - {fileID: 6677855698938798624}
  m_Father: {fileID: 7201983626668577194}
  m_RootOrder: 2
  m_LocalEulerAnglesHint: {x: 0, y: 180, z: -29.284002}
--- !u!212 &6677855699139740435
SpriteRenderer:
  m_ObjectHideFlags: 0
  m_CorrespondingSourceObject: {fileID: 0}
  m_PrefabInstance: {fileID: 0}
  m_PrefabAsset: {fileID: 0}
  m_GameObject: {fileID: 6677855699139740437}
  m_Enabled: 1
  m_CastShadows: 0
  m_ReceiveShadows: 0
  m_DynamicOccludee: 1
  m_MotionVectors: 1
  m_LightProbeUsage: 1
  m_ReflectionProbeUsage: 1
  m_RenderingLayerMask: 1
  m_RendererPriority: 0
  m_Materials:
  - {fileID: 10754, guid: 0000000000000000f000000000000000, type: 0}
  m_StaticBatchInfo:
    firstSubMesh: 0
    subMeshCount: 0
  m_StaticBatchRoot: {fileID: 0}
  m_ProbeAnchor: {fileID: 0}
  m_LightProbeVolumeOverride: {fileID: 0}
  m_ScaleInLightmap: 1
  m_PreserveUVs: 0
  m_IgnoreNormalsForChartDetection: 0
  m_ImportantGI: 0
  m_StitchLightmapSeams: 0
  m_SelectedEditorRenderState: 0
  m_MinimumChartSize: 4
  m_AutoUVMaxDistance: 0.5
  m_AutoUVMaxAngle: 89
  m_LightmapParameters: {fileID: 0}
  m_SortingLayerID: 0
  m_SortingLayer: 0
  m_SortingOrder: 2
  m_Sprite: {fileID: 21300010, guid: dfa122a0c40dc1a4282bfe6685354b88, type: 3}
  m_Color: {r: 1, g: 1, b: 1, a: 1}
  m_FlipX: 0
  m_FlipY: 0
  m_DrawMode: 0
  m_Size: {x: 0.49, y: 0.27}
  m_AdaptiveModeThreshold: 0.5
  m_SpriteTileMode: 0
  m_WasSpriteAssigned: 1
  m_MaskInteraction: 0
  m_SpriteSortPoint: 0
--- !u!1 &6677855699794691843
GameObject:
  m_ObjectHideFlags: 0
  m_CorrespondingSourceObject: {fileID: 0}
  m_PrefabInstance: {fileID: 0}
  m_PrefabAsset: {fileID: 0}
  serializedVersion: 6
  m_Component:
  - component: {fileID: 6677855699794691840}
  - component: {fileID: 6677855699794691841}
  m_Layer: 0
  m_Name: RLeg
  m_TagString: Untagged
  m_Icon: {fileID: 0}
  m_NavMeshLayer: 0
  m_StaticEditorFlags: 0
  m_IsActive: 1
--- !u!4 &6677855699794691840
Transform:
  m_ObjectHideFlags: 0
  m_CorrespondingSourceObject: {fileID: 0}
  m_PrefabInstance: {fileID: 0}
  m_PrefabAsset: {fileID: 0}
  m_GameObject: {fileID: 6677855699794691843}
  m_LocalRotation: {x: -0, y: -0, z: -0, w: 1}
  m_LocalPosition: {x: -0.186, y: 0, z: 0}
  m_LocalScale: {x: 1, y: 1, z: 1}
  m_Children: []
  m_Father: {fileID: 6677855700256178025}
  m_RootOrder: 2
  m_LocalEulerAnglesHint: {x: 0, y: 0, z: 0}
--- !u!212 &6677855699794691841
SpriteRenderer:
  m_ObjectHideFlags: 0
  m_CorrespondingSourceObject: {fileID: 0}
  m_PrefabInstance: {fileID: 0}
  m_PrefabAsset: {fileID: 0}
  m_GameObject: {fileID: 6677855699794691843}
  m_Enabled: 1
  m_CastShadows: 0
  m_ReceiveShadows: 0
  m_DynamicOccludee: 1
  m_MotionVectors: 1
  m_LightProbeUsage: 1
  m_ReflectionProbeUsage: 1
  m_RenderingLayerMask: 1
  m_RendererPriority: 0
  m_Materials:
  - {fileID: 10754, guid: 0000000000000000f000000000000000, type: 0}
  m_StaticBatchInfo:
    firstSubMesh: 0
    subMeshCount: 0
  m_StaticBatchRoot: {fileID: 0}
  m_ProbeAnchor: {fileID: 0}
  m_LightProbeVolumeOverride: {fileID: 0}
  m_ScaleInLightmap: 1
  m_PreserveUVs: 0
  m_IgnoreNormalsForChartDetection: 0
  m_ImportantGI: 0
  m_StitchLightmapSeams: 0
  m_SelectedEditorRenderState: 0
  m_MinimumChartSize: 4
  m_AutoUVMaxDistance: 0.5
  m_AutoUVMaxAngle: 89
  m_LightmapParameters: {fileID: 0}
  m_SortingLayerID: 0
  m_SortingLayer: 0
  m_SortingOrder: 3
  m_Sprite: {fileID: 21300008, guid: dfa122a0c40dc1a4282bfe6685354b88, type: 3}
  m_Color: {r: 1, g: 1, b: 1, a: 1}
  m_FlipX: 0
  m_FlipY: 0
  m_DrawMode: 0
  m_Size: {x: 0.18, y: 0.58}
  m_AdaptiveModeThreshold: 0.5
  m_SpriteTileMode: 0
  m_WasSpriteAssigned: 1
  m_MaskInteraction: 0
  m_SpriteSortPoint: 0
--- !u!1 &6677855700256178024
GameObject:
  m_ObjectHideFlags: 0
  m_CorrespondingSourceObject: {fileID: 0}
  m_PrefabInstance: {fileID: 0}
  m_PrefabAsset: {fileID: 0}
  serializedVersion: 6
  m_Component:
  - component: {fileID: 6677855700256178025}
  m_Layer: 0
  m_Name: WarriorCartoon
  m_TagString: Untagged
  m_Icon: {fileID: 0}
  m_NavMeshLayer: 0
  m_StaticEditorFlags: 0
  m_IsActive: 1
--- !u!4 &6677855700256178025
Transform:
  m_ObjectHideFlags: 0
  m_CorrespondingSourceObject: {fileID: 0}
  m_PrefabInstance: {fileID: 0}
  m_PrefabAsset: {fileID: 0}
  m_GameObject: {fileID: 6677855700256178024}
  m_LocalRotation: {x: 0, y: 0, z: 0, w: 1}
  m_LocalPosition: {x: -8.1, y: -4.076, z: 0}
  m_LocalScale: {x: 0.5, y: 0.5, z: 1}
  m_Children:
  - {fileID: 7201983626668577194}
  - {fileID: 7201983626668577186}
  - {fileID: 6677855699794691840}
  m_Father: {fileID: 0}
  m_RootOrder: 0
  m_LocalEulerAnglesHint: {x: 0, y: 0, z: 0}
--- !u!1 &7201983626668739970
GameObject:
  m_ObjectHideFlags: 0
  m_CorrespondingSourceObject: {fileID: 0}
  m_PrefabInstance: {fileID: 0}
  m_PrefabAsset: {fileID: 0}
  serializedVersion: 6
  m_Component:
  - component: {fileID: 7201983626668577186}
  - component: {fileID: 7201983626647959456}
  m_Layer: 0
  m_Name: LLeg
  m_TagString: Untagged
  m_Icon: {fileID: 0}
  m_NavMeshLayer: 0
  m_StaticEditorFlags: 0
  m_IsActive: 1
--- !u!4 &7201983626668577186
Transform:
  m_ObjectHideFlags: 0
  m_CorrespondingSourceObject: {fileID: 0}
  m_PrefabInstance: {fileID: 0}
  m_PrefabAsset: {fileID: 0}
  m_GameObject: {fileID: 7201983626668739970}
  m_LocalRotation: {x: -0, y: -0, z: -0, w: 1}
  m_LocalPosition: {x: 0.215, y: 0, z: 0}
  m_LocalScale: {x: 1, y: 1, z: 1}
  m_Children: []
  m_Father: {fileID: 6677855700256178025}
  m_RootOrder: 1
  m_LocalEulerAnglesHint: {x: 0, y: 0, z: 0}
--- !u!212 &7201983626647959456
SpriteRenderer:
  m_ObjectHideFlags: 0
  m_CorrespondingSourceObject: {fileID: 0}
  m_PrefabInstance: {fileID: 0}
  m_PrefabAsset: {fileID: 0}
  m_GameObject: {fileID: 7201983626668739970}
  m_Enabled: 1
  m_CastShadows: 0
  m_ReceiveShadows: 0
  m_DynamicOccludee: 1
  m_MotionVectors: 1
  m_LightProbeUsage: 1
  m_ReflectionProbeUsage: 1
  m_RenderingLayerMask: 1
  m_RendererPriority: 0
  m_Materials:
  - {fileID: 10754, guid: 0000000000000000f000000000000000, type: 0}
  m_StaticBatchInfo:
    firstSubMesh: 0
    subMeshCount: 0
  m_StaticBatchRoot: {fileID: 0}
  m_ProbeAnchor: {fileID: 0}
  m_LightProbeVolumeOverride: {fileID: 0}
  m_ScaleInLightmap: 1
  m_PreserveUVs: 0
  m_IgnoreNormalsForChartDetection: 0
  m_ImportantGI: 0
  m_StitchLightmapSeams: 0
  m_SelectedEditorRenderState: 0
  m_MinimumChartSize: 4
  m_AutoUVMaxDistance: 0.5
  m_AutoUVMaxAngle: 89
  m_LightmapParameters: {fileID: 0}
  m_SortingLayerID: 0
  m_SortingLayer: 0
  m_SortingOrder: 3
  m_Sprite: {fileID: 21300008, guid: dfa122a0c40dc1a4282bfe6685354b88, type: 3}
  m_Color: {r: 1, g: 1, b: 1, a: 1}
  m_FlipX: 0
  m_FlipY: 0
  m_DrawMode: 0
  m_Size: {x: 0.18, y: 0.58}
  m_AdaptiveModeThreshold: 0.5
  m_SpriteTileMode: 0
  m_WasSpriteAssigned: 1
  m_MaskInteraction: 0
  m_SpriteSortPoint: 0
--- !u!1 &7201983626668739978
GameObject:
  m_ObjectHideFlags: 0
  m_CorrespondingSourceObject: {fileID: 0}
  m_PrefabInstance: {fileID: 0}
  m_PrefabAsset: {fileID: 0}
  serializedVersion: 6
  m_Component:
  - component: {fileID: 7201983626668577194}
  - component: {fileID: 7201983626647959464}
  m_Layer: 0
  m_Name: Body
  m_TagString: Untagged
  m_Icon: {fileID: 0}
  m_NavMeshLayer: 0
  m_StaticEditorFlags: 0
  m_IsActive: 1
--- !u!4 &7201983626668577194
Transform:
  m_ObjectHideFlags: 0
  m_CorrespondingSourceObject: {fileID: 0}
  m_PrefabInstance: {fileID: 0}
  m_PrefabAsset: {fileID: 0}
  m_GameObject: {fileID: 7201983626668739978}
  m_LocalRotation: {x: -0, y: -0, z: -0, w: 1}
  m_LocalPosition: {x: 0, y: 0.35, z: 0}
  m_LocalScale: {x: 1, y: 1, z: 1}
  m_Children:
  - {fileID: 7201983626668577198}
  - {fileID: 6677855698942403026}
  - {fileID: 6677855699139740434}
  m_Father: {fileID: 6677855700256178025}
  m_RootOrder: 0
  m_LocalEulerAnglesHint: {x: 0, y: 0, z: 0}
--- !u!212 &7201983626647959464
SpriteRenderer:
  m_ObjectHideFlags: 0
  m_CorrespondingSourceObject: {fileID: 0}
  m_PrefabInstance: {fileID: 0}
  m_PrefabAsset: {fileID: 0}
  m_GameObject: {fileID: 7201983626668739978}
  m_Enabled: 1
  m_CastShadows: 0
  m_ReceiveShadows: 0
  m_DynamicOccludee: 1
  m_MotionVectors: 1
  m_LightProbeUsage: 1
  m_ReflectionProbeUsage: 1
  m_RenderingLayerMask: 1
  m_RendererPriority: 0
  m_Materials:
  - {fileID: 10754, guid: 0000000000000000f000000000000000, type: 0}
  m_StaticBatchInfo:
    firstSubMesh: 0
    subMeshCount: 0
  m_StaticBatchRoot: {fileID: 0}
  m_ProbeAnchor: {fileID: 0}
  m_LightProbeVolumeOverride: {fileID: 0}
  m_ScaleInLightmap: 1
  m_PreserveUVs: 0
  m_IgnoreNormalsForChartDetection: 0
  m_ImportantGI: 0
  m_StitchLightmapSeams: 0
  m_SelectedEditorRenderState: 0
  m_MinimumChartSize: 4
  m_AutoUVMaxDistance: 0.5
  m_AutoUVMaxAngle: 89
  m_LightmapParameters: {fileID: 0}
  m_SortingLayerID: 0
  m_SortingLayer: 0
  m_SortingOrder: 5
  m_Sprite: {fileID: 21300004, guid: dfa122a0c40dc1a4282bfe6685354b88, type: 3}
  m_Color: {r: 1, g: 1, b: 1, a: 1}
  m_FlipX: 0
  m_FlipY: 0
  m_DrawMode: 0
  m_Size: {x: 0.65, y: 0.62}
  m_AdaptiveModeThreshold: 0.5
  m_SpriteTileMode: 0
  m_WasSpriteAssigned: 1
  m_MaskInteraction: 0
  m_SpriteSortPoint: 0
--- !u!1 &7201983626668739980
GameObject:
  m_ObjectHideFlags: 0
  m_CorrespondingSourceObject: {fileID: 0}
  m_PrefabInstance: {fileID: 0}
  m_PrefabAsset: {fileID: 0}
  serializedVersion: 6
  m_Component:
  - component: {fileID: 7201983626668577196}
  - component: {fileID: 7201983626647959466}
  m_Layer: 0
  m_Name: Eyes
  m_TagString: Untagged
  m_Icon: {fileID: 0}
  m_NavMeshLayer: 0
  m_StaticEditorFlags: 0
  m_IsActive: 1
--- !u!4 &7201983626668577196
Transform:
  m_ObjectHideFlags: 0
  m_CorrespondingSourceObject: {fileID: 0}
  m_PrefabInstance: {fileID: 0}
  m_PrefabAsset: {fileID: 0}
  m_GameObject: {fileID: 7201983626668739980}
  m_LocalRotation: {x: -0, y: -0, z: -0, w: 1}
  m_LocalPosition: {x: -0.0050001144, y: -0.36999977, z: 0}
  m_LocalScale: {x: 1, y: 1, z: 1}
  m_Children: []
  m_Father: {fileID: 7201983626668577198}
  m_RootOrder: 0
  m_LocalEulerAnglesHint: {x: 0, y: 0, z: 0}
--- !u!212 &7201983626647959466
SpriteRenderer:
  m_ObjectHideFlags: 0
  m_CorrespondingSourceObject: {fileID: 0}
  m_PrefabInstance: {fileID: 0}
  m_PrefabAsset: {fileID: 0}
  m_GameObject: {fileID: 7201983626668739980}
  m_Enabled: 1
  m_CastShadows: 0
  m_ReceiveShadows: 0
  m_DynamicOccludee: 1
  m_MotionVectors: 1
  m_LightProbeUsage: 1
  m_ReflectionProbeUsage: 1
  m_RenderingLayerMask: 1
  m_RendererPriority: 0
  m_Materials:
  - {fileID: 10754, guid: 0000000000000000f000000000000000, type: 0}
  m_StaticBatchInfo:
    firstSubMesh: 0
    subMeshCount: 0
  m_StaticBatchRoot: {fileID: 0}
  m_ProbeAnchor: {fileID: 0}
  m_LightProbeVolumeOverride: {fileID: 0}
  m_ScaleInLightmap: 1
  m_PreserveUVs: 0
  m_IgnoreNormalsForChartDetection: 0
  m_ImportantGI: 0
  m_StitchLightmapSeams: 0
  m_SelectedEditorRenderState: 0
  m_MinimumChartSize: 4
  m_AutoUVMaxDistance: 0.5
  m_AutoUVMaxAngle: 89
  m_LightmapParameters: {fileID: 0}
  m_SortingLayerID: 0
  m_SortingLayer: 0
  m_SortingOrder: 7
  m_Sprite: {fileID: 21300000, guid: dfa122a0c40dc1a4282bfe6685354b88, type: 3}
  m_Color: {r: 1, g: 1, b: 1, a: 1}
  m_FlipX: 0
  m_FlipY: 0
  m_DrawMode: 0
  m_Size: {x: 0.99, y: 0.34}
  m_AdaptiveModeThreshold: 0.5
  m_SpriteTileMode: 0
  m_WasSpriteAssigned: 1
  m_MaskInteraction: 0
  m_SpriteSortPoint: 0
--- !u!1 &7201983626668739982
GameObject:
  m_ObjectHideFlags: 0
  m_CorrespondingSourceObject: {fileID: 0}
  m_PrefabInstance: {fileID: 0}
  m_PrefabAsset: {fileID: 0}
  serializedVersion: 6
  m_Component:
  - component: {fileID: 7201983626668577198}
  - component: {fileID: 7201983626647959468}
  m_Layer: 0
  m_Name: Head
  m_TagString: Untagged
  m_Icon: {fileID: 0}
  m_NavMeshLayer: 0
  m_StaticEditorFlags: 0
  m_IsActive: 1
--- !u!4 &7201983626668577198
Transform:
  m_ObjectHideFlags: 0
  m_CorrespondingSourceObject: {fileID: 0}
  m_PrefabInstance: {fileID: 0}
  m_PrefabAsset: {fileID: 0}
  m_GameObject: {fileID: 7201983626668739982}
  m_LocalRotation: {x: -0, y: -0, z: -0, w: 1}
  m_LocalPosition: {x: 0.005001068, y: 1.2400001, z: 0}
  m_LocalScale: {x: 1, y: 1, z: 1}
  m_Children:
  - {fileID: 7201983626668577196}
  m_Father: {fileID: 7201983626668577194}
  m_RootOrder: 0
  m_LocalEulerAnglesHint: {x: 0, y: 0, z: 0}
--- !u!212 &7201983626647959468
SpriteRenderer:
  m_ObjectHideFlags: 0
  m_CorrespondingSourceObject: {fileID: 0}
  m_PrefabInstance: {fileID: 0}
  m_PrefabAsset: {fileID: 0}
  m_GameObject: {fileID: 7201983626668739982}
  m_Enabled: 1
  m_CastShadows: 0
  m_ReceiveShadows: 0
  m_DynamicOccludee: 1
  m_MotionVectors: 1
  m_LightProbeUsage: 1
  m_ReflectionProbeUsage: 1
  m_RenderingLayerMask: 1
  m_RendererPriority: 0
  m_Materials:
  - {fileID: 10754, guid: 0000000000000000f000000000000000, type: 0}
  m_StaticBatchInfo:
    firstSubMesh: 0
    subMeshCount: 0
  m_StaticBatchRoot: {fileID: 0}
  m_ProbeAnchor: {fileID: 0}
  m_LightProbeVolumeOverride: {fileID: 0}
  m_ScaleInLightmap: 1
  m_PreserveUVs: 0
  m_IgnoreNormalsForChartDetection: 0
  m_ImportantGI: 0
  m_StitchLightmapSeams: 0
  m_SelectedEditorRenderState: 0
  m_MinimumChartSize: 4
  m_AutoUVMaxDistance: 0.5
  m_AutoUVMaxAngle: 89
  m_LightmapParameters: {fileID: 0}
  m_SortingLayerID: 0
  m_SortingLayer: 0
  m_SortingOrder: 6
  m_Sprite: {fileID: 21300002, guid: dfa122a0c40dc1a4282bfe6685354b88, type: 3}
  m_Color: {r: 1, g: 1, b: 1, a: 1}
  m_FlipX: 0
  m_FlipY: 0
  m_DrawMode: 0
  m_Size: {x: 1.79, y: 2.1}
  m_AdaptiveModeThreshold: 0.5
  m_SpriteTileMode: 0
  m_WasSpriteAssigned: 1
  m_MaskInteraction: 0
  m_SpriteSortPoint: 0
